<?xml version="1.0" encoding="UTF-8"?>
<collection xmlns:xsi="http://www.w3.org/2001/XMLSchema-instance" xsi:schemaLocation="http://www.loc.gov/MARC21/slim http://www.loc.gov/standards/marcxml/schema/MARC21slim.xsd" xmlns="http://www.loc.gov/MARC21/slim">
<record>
  <leader>00880cam a22002051  4500</leader>
  <controlfield tag="001">3076939</controlfield>
  <controlfield tag="003">NNC</controlfield>
  <controlfield tag="005">20150920222922.0</controlfield>
  <controlfield tag="008">010829s1921    ua            000 0 ara d</controlfield>
  <datafield tag="035" ind1=" " ind2=" ">
    <subfield code="a">(OCoLC)ocm47865314</subfield>
  </datafield>
  <datafield tag="035" ind1=" " ind2=" ">
    <subfield code="9">ATQ0558CU</subfield>
  </datafield>
  <datafield tag="035" ind1=" " ind2=" ">
    <subfield code="a">(NNC)3076939</subfield>
  </datafield>
  <datafield tag="040" ind1=" " ind2=" ">
    <subfield code="a">ZCU</subfield>
    <subfield code="c">ZCU</subfield>
  </datafield>
  <datafield tag="099" ind1=" " ind2=" ">
    <subfield code="a">893.784</subfield>
    <subfield code="a">J329</subfield>
  </datafield>
  <datafield tag="100" ind1="1" ind2=" ">
    <subfield code="a">Jawharī, Ṭanṭāwī,</subfield>
    <subfield code="d">1862-1940.</subfield>
  </datafield>
  <datafield tag="245" ind1="1" ind2="0">
    <subfield code="a">Jawharat al-shiʻr wa-al-taʻrīb;</subfield>
    <subfield code="b">wa-hiya, Jumlat qiṭaʻ min al-naẓm li-mashhūrī shuʻarāʾ al-Inglīz, kasāhā hullat al-shiʻr al-ʻarabī ...</subfield>
    <subfield code="c">al-shaykh Ṭanṭāwī Jawharī; waʾukhra min naẓmihī fī al-hikmah wa-al-adab wa-jamāl al-ṭabīʻah. Jama ʻahā Khalīl Sālim wa Muḥammad Aḥmad Kāmil ...</subfield>
  </datafield>
  <datafield tag="250" ind1=" " ind2=" ">
    <subfield code="a">Al-ṭaḅʻah al-2.,</subfield>
    <subfield code="b">wa-bihā ziyādat shiʻr ...</subfield>
  </datafield>
  <datafield tag="260" ind1=" " ind2=" ">
    <subfield code="a">Miṣr,</subfield>
    <subfield code="b">Maṭb. al-Saʻādah</subfield>
    <subfield code="c">1921</subfield>
  </datafield>
  <datafield tag="300" ind1=" " ind2=" ">
    <subfield code="a">48 p.</subfield>
  </datafield>
  <datafield tag="955" ind1=" " ind2=" ">
    <subfield code="b">CU58889310</subfield>
    <subfield code="d">off,glx</subfield>
    <subfield code="e">893.784 J329</subfield>
  </datafield>
</record>
</collection>